<record><leader>00000cas a2200000 a 4500</leader><controlfield tag="001">12646729</controlfield><controlfield tag="008">851008c19269999deusx ne      0   a0eng d</controlfield><datafield ind1=" " ind2=" " tag="010"><subfield code="a">sn 87007057 </subfield></datafield><datafield ind1=" " ind2=" " tag="040"><subfield code="a">DLM</subfield><subfield code="b">eng</subfield><subfield code="c">DLM</subfield><subfield code="d">NSD</subfield><subfield code="d">OCL</subfield><subfield code="d">DLM</subfield><subfield code="d">OCLCQ</subfield><subfield code="d">OCLCO</subfield></datafield><datafield ind1=" " ind2=" " tag="012"><subfield code="l">1</subfield></datafield><datafield ind1="1" ind2=" " tag="022"><subfield code="a">0891-8716</subfield><subfield code="l">0891-8716</subfield><subfield code="2">1</subfield></datafield><datafield ind1=" " ind2=" " tag="037"><subfield code="b">The Review, Student Center, Univ. of Delaware, Newark, Del. 19716</subfield></datafield><datafield ind1=" " ind2=" " tag="042"><subfield code="a">nsdp</subfield></datafield><datafield ind1=" " ind2=" " tag="043"><subfield code="a">n-us-de</subfield></datafield><datafield ind1="0" ind2=" " tag="130"><subfield code="a">Review (University of Delaware)</subfield></datafield><datafield ind1=" " ind2="4" tag="222"><subfield code="a">The Review</subfield><subfield code="b">(Newark, Del.)</subfield></datafield><datafield ind1="1" ind2="4" tag="245"><subfield code="a">The Review /</subfield><subfield code="c">University of Delaware, Student Center.</subfield></datafield><datafield ind1=" " ind2=" " tag="260"><subfield code="a">Newark, DE :</subfield><subfield code="b">The Center</subfield></datafield><datafield ind1=" " ind2=" " tag="300"><subfield code="a">v. :</subfield><subfield code="b">ill. ;</subfield><subfield code="c">38 cm.</subfield></datafield><datafield ind1=" " ind2=" " tag="310"><subfield code="a">Semiweekly during the academic year and weekly during Winter Session</subfield></datafield><datafield ind1="0" ind2=" " tag="362"><subfield code="a">Vol. 42 no. 23 (May 7, 1926)-</subfield></datafield><datafield ind1=" " ind2=" " tag="530"><subfield code="a">Also issued on microfilm from Microsurance, Inc.</subfield></datafield><datafield ind1=" " ind2=" " tag="588"><subfield code="a">Description based on: Vol. 107, no. 10 (Mar. 1, 1983).</subfield></datafield><datafield ind1=" " ind2=" " tag="588"><subfield code="a">Latest issue consulted: Vol. 112, no. 18 (Tuesday, Nov. 4, 1986).</subfield></datafield><datafield ind1="2" ind2=" " tag="710"><subfield code="a">University of Delaware.</subfield></datafield><datafield ind1=" " ind2=" " tag="752"><subfield code="a">United States</subfield><subfield code="b">Delaware</subfield><subfield code="c">New Castle</subfield><subfield code="d">Newark.</subfield></datafield><datafield ind1="1" ind2=" " tag="776"><subfield code="t">Review (University of Delaware)</subfield><subfield code="w">(OCoLC)12529128</subfield></datafield><datafield ind1="0" ind2="0" tag="780"><subfield code="t">University of Delaware review</subfield></datafield></record>